<?xml version="1.0" encoding="UTF-8"?><collection xmlns="http://www.loc.gov/MARC21/slim"><record><leader>00339nam--2200121-i-4500</leader><controlfield tag="001">000045267</controlfield><controlfield tag="002">20161230</controlfield><controlfield tag="005">20161230201044</controlfield><controlfield tag="008">060222s1000------------r-----000-0-eng-d</controlfield><datafield ind1=" " ind2=" " tag="245"><subfield code="a">Der transistor: ii: frequenzbereich 100 khz ... 100 mhz. 1.aufl</subfield></datafield><datafield ind1=" " ind2=" " tag="260"><subfield code="a">Munchen, Franzis-verlag, 1964, 189p</subfield></datafield><datafield ind1=" " ind2=" " tag="490"><subfield code="a">Telefunken-fachbuch</subfield></datafield><datafield ind1=" " ind2=" " tag="852"><subfield code="a">21675</subfield></datafield></record></collection>